%! Author = axel.jakobsson
%! Date = 2023-10-25

